@inproceedings{cao2017realtime,
  author = {Zhe Cao and Tomas Simon and Shih-En Wei and Yaser Sheikh},
  booktitle = {CVPR},
  title = {Realtime Multi-Person 2D Pose Estimation using Part Affinity Fields},
  year = {2017}
}

@article{simo2015verydeepconv,
  author = {Karen Simonyan and Andrew Zisserman},
  booktitle = {ICLR},
  title = {Very Deep Convolutional Networks For Large-Scale Image Recognition},
  year = {2015}
}

@inproceedings{olson2011tags,
    TITLE      = {{AprilTag}: A robust and flexible visual fiducial system},
    AUTHOR     = {Edwin Olson},
    BOOKTITLE  = {Proceedings of the {IEEE} International Conference on Robotics and
                 Automation ({ICRA})},
    YEAR       = {2011},
    MONTH      = {May},
    PAGES      = {3400-3407},
    KEYWORDS   = {Robot navigation, SLAM, Visual Fiducial, ARToolkit},
    PUBLISHER  = {IEEE},
}